
@book{sutton,
  title={{Reinforcement Learning: An Introduction}},
  author={Sutton, Richard S and Barto, Andrew G},
  volume={1},
  number={1},
  year={1998},
  publisher={MIT press Cambridge}
}

@book{vol1,
  title={{Dynamic Programming and Optimal Control}},
  author={Bertsekas, Dimitri P},
  volume={1},
  number={2},
  year={1995},
  publisher={Athena Scientific Belmont, MA}
}
@misc{vol2,
  title={{Dynamic Programming and Optimal Controlâ€”volume 2}},
  author={Bertsekas, DP},
  year={1999}
}
@article{marl,
  title={A comprehensive survey of multiagent reinforcement learning},
  author={Busoniu, Lucian and Babuska, Robert and De Schutter, Bart},
  journal={IEEE Transactions on Systems Man and Cybernetics Part C Applications and Reviews},
  volume={38},
  number={2},
  pages={156},
  year={2008},
  publisher={IEEE SYSTEMS MAN \& CYBERNETICS SOCIETY}
}

@inproceedings{goodmdp,
  title={Analogies in modelling wireless network stability and advanced power grid control},
  author={Kangas, Maria and Glisic, Savo},
  booktitle={Communications (ICC), 2013 IEEE International Conference on},
  pages={4035--4040},
  year={2013},
  organization={IEEE}
}




